@article{wave_ray,
  author  = {A. Brandt and I. Livshits},
  title   = {Wave-ray multigrid method for standing wave equations},
  journal = {Electron. Trans. Numer. Anal.},
  volume  = {6},
  year    = {1997},
  pages   = {162--181},
}

@inproceedings{su,
  title={Methods of Systematic Upscaling},
  author={A. Brandt},
  year={2006}
}

@misc{bamg,
      title={Bootstrap Algebraic Multigrid: status report, open problems, and outlook}, 
      author={Achi Brandt and James Brannick and Karsten Kahl and Ira Livshits},
      year={2014},
      eprint={1406.1819},
      archivePrefix={arXiv},
      primaryClass={math.NA}
}

@article{lamg,
	author = {Livne, Oren E. and Brandt, Achi},
	title = {Lean Algebraic Multigrid (LAMG): Fast Graph Laplacian Linear Solver},
	journal = {SIAM Journal on Scientific Computing},
	volume = {34},
	number = {4},
	pages = {B499-B522},
	year = {2012},
	doi = {10.1137/110843563},
	URL = { https://doi.org/10.1137/110843563},
	eprint = { https://doi.org/10.1137/110843563},
}

@article{safro,
author = {Ron, Dorit and Safro, Ilya and Brandt, Achi},
year = {2010},
month = {04},
pages = {},
title = {Relaxation-Based Coarsening and Multiscale Graph Organization},
volume = {9},
journal = {Multiscale Modeling and Simulation},
doi = {10.1137/100791142}
}

@book{mg_guide,
	author = {Brandt, A. and Livne, O.E.},
	year = {2011},
	title = {Multigrid Techniques: 1984 Guide with Applications to Fluid Dynamics (Classics in Applied Mathematics)},
	publisher = {SIAM},
}

@article{mg_eigen,
author = {Brandt, A. and McCormick, Steve and Ruge, John},
year = {1983},
month = {06},
pages = {},
title = {Multigrid Methods for Differential Eigenproblems},
volume = {4},
journal = {Siam Journal on Scientific and Statistical Computing},
doi = {10.1137/0904019}
}